<record><leader>00000cas a22000007a 4500</leader><controlfield tag="001">28305541</controlfield><controlfield tag="008">930621d197019uuwyumr ne      0    0eng d</controlfield><datafield ind1=" " ind2=" " tag="010"><subfield code="a">sn 93070064 </subfield></datafield><datafield ind1=" " ind2=" " tag="040"><subfield code="a">NVO</subfield><subfield code="b">eng</subfield><subfield code="c">NVO</subfield><subfield code="d">OCLCQ</subfield><subfield code="d">OCLCF</subfield><subfield code="d">OCLCO</subfield></datafield><datafield ind1="1" ind2=" " tag="029"><subfield code="a">AU@</subfield><subfield code="b">000025898233</subfield></datafield><datafield ind1=" " ind2=" " tag="042"><subfield code="a">msc</subfield></datafield><datafield ind1=" " ind2=" " tag="043"><subfield code="a">n-us-wy</subfield></datafield><datafield ind1="0" ind2=" " tag="130"><subfield code="a">Summer sun (Thermopolis, Wyo.)</subfield></datafield><datafield ind1="1" ind2="0" tag="245"><subfield code="a">Summer sun.</subfield></datafield><datafield ind1="1" ind2="3" tag="246"><subfield code="a">Welcome traveler</subfield></datafield><datafield ind1="1" ind2="3" tag="246"><subfield code="a">Welcome traveler, summer sun</subfield></datafield><datafield ind1=" " ind2=" " tag="260"><subfield code="a">Thermopolis, Wyo. :</subfield><subfield code="b">Western Hospitality</subfield></datafield><datafield ind1=" " ind2=" " tag="300"><subfield code="a">v.</subfield></datafield><datafield ind1=" " ind2=" " tag="310"><subfield code="a">Monthly</subfield></datafield><datafield ind1="0" ind2=" " tag="362"><subfield code="a">Vol. 1, no. 1 (June 1970)-</subfield></datafield><datafield ind1=" " ind2=" " tag="500"><subfield code="a">Above title: Welcome traveler.</subfield></datafield><datafield ind1=" " ind2="0" tag="651"><subfield code="a">Thermopolis (Wyo.)</subfield><subfield code="x">Description and travel</subfield><subfield code="v">Newspapers.</subfield></datafield><datafield ind1=" " ind2="4" tag="651"><subfield code="a">Thermopolis (Wyo.)</subfield><subfield code="v">Newspapers.</subfield></datafield><datafield ind1=" " ind2="4" tag="651"><subfield code="a">Hot Springs County (Wyo.)</subfield><subfield code="v">Newspapers.</subfield></datafield><datafield ind1=" " ind2="7" tag="655"><subfield code="a">Newspapers.</subfield><subfield code="2">fast</subfield><subfield code="0">(OCoLC)fst01423814</subfield></datafield><datafield ind1=" " ind2="7" tag="650"><subfield code="a">Travel.</subfield><subfield code="2">fast</subfield><subfield code="0">(OCoLC)fst01155558</subfield></datafield><datafield ind1=" " ind2="7" tag="651"><subfield code="a">Wyoming</subfield><subfield code="z">Thermopolis.</subfield><subfield code="2">fast</subfield><subfield code="0">(OCoLC)fst01227186</subfield></datafield><datafield ind1=" " ind2=" " tag="752"><subfield code="a">United States</subfield><subfield code="b">Wyoming</subfield><subfield code="c">Hot Springs</subfield><subfield code="d">Thermopolis.</subfield></datafield></record>